@misc{project-icestorm,
    title     = "Project icestorm",
    url       = "https://github.com/cliffordwolf/icestorm.git"
}

@misc{project-nextpnr,
    title     = "NextPNR",
    url       = "https://github.com/YosysHQ/nextpnr"
}

@misc{project-trellis,
    title     = "Project Trellis",
    url       = "https://github.com/SymbiFlow/prjtrellis"
}

@misc{project-xray,
    title     = "Project XRay",
    url       = "https://github.com/SymbiFlow/prjxray"
}

@misc{project-yosys,
    title     = "Project Yosys",
    url       = "https://github.com/YosysHQ/yosys"
}

@misc{project-icestudio,
    title     = "IceStudio",
    url       = "https://github.com/FPGAwars/icestudio"
}

@misc{project-apio,
    title     = "APIO",
    url       = "https://github.com/FPGAwars/apio"
}

@misc{Wikipedia_Quartus,
    title     = "Wikipedia Quartus",
    url       = "https://en.wikipedia.org/wiki/Intel_Quartus_Prime"
}

@misc{Wikipedia_Vivado,
    title     = "Wikipedia Vivado",
    url       = "https://en.wikipedia.org/wiki/Xilinx_Vivado"
}

@misc{fpga-toolbox-eval-repo,
    title     = "FPGA toolbox evaluation repository",
    url       = "https://gitlab.com/librespacefoundation/sdrmakerspace/fpga-toolbox-eval"
}

@misc{fpga-toolbox-eval-repo-lvds-quartus,
    title     = "Quartus LVDS branch",
    url       = "https://gitlab.com/librespacefoundation/sdrmakerspace/fpga-toolbox-eval/-/tree/LVDS-Quartus"
}

@misc{fpga-toolbox-eval-repo=lvds-vivado,
    title     = "Vivado LVDS branch",
    url       = "https://gitlab.com/librespacefoundation/sdrmakerspace/fpga-toolbox-eval/-/tree/LVDS-Vivado"
}